<record><leader>00000cas a2200000 a 4500</leader><controlfield tag="001">10321651</controlfield><controlfield tag="008">840120d19031912iludr ne      0   a0eng c</controlfield><datafield ind1=" " ind2=" " tag="010"><subfield code="a">sn 84024029 </subfield></datafield><datafield ind1=" " ind2=" " tag="040"><subfield code="a">NPV</subfield><subfield code="b">eng</subfield><subfield code="c">NPV</subfield><subfield code="d">DLC</subfield><subfield code="d">NVF</subfield><subfield code="d">KNP</subfield><subfield code="d">NVF</subfield><subfield code="d">DLC</subfield><subfield code="d">NVF</subfield><subfield code="d">CNK</subfield><subfield code="d">CVF</subfield><subfield code="d">OCLCQ</subfield><subfield code="d">NVF</subfield><subfield code="d">OCLCF</subfield><subfield code="d">OCLCO</subfield></datafield><datafield ind1=" " ind2=" " tag="042"><subfield code="a">pcc</subfield></datafield><datafield ind1=" " ind2=" " tag="043"><subfield code="a">n-us-il</subfield></datafield><datafield ind1=" " ind2=" " tag="045"><subfield code="a">x0--</subfield></datafield><datafield ind1=" " ind2=" " tag="052"><subfield code="a">4103</subfield><subfield code="b">C7</subfield></datafield><datafield ind1="0" ind2=" " tag="130"><subfield code="a">Chicago evening American (Chicago, Ill. : 1903)</subfield></datafield><datafield ind1="1" ind2="0" tag="245"><subfield code="a">Chicago evening American.</subfield></datafield><datafield ind1="3" ind2="0" tag="246"><subfield code="a">Chicago American</subfield></datafield><datafield ind1="1" ind2="7" tag="246"><subfield code="a">Hearst's Chicago American</subfield></datafield><datafield ind1="1" ind2=" " tag="246"><subfield code="i">Sunday issues published as:</subfield><subfield code="a">Hearst's Chicago Sunday American</subfield></datafield><datafield ind1="1" ind2=" " tag="246"><subfield code="i">Sunday issues published as:</subfield><subfield code="a">Chicago Sunday American</subfield><subfield code="f">&lt;Feb. 7, 1904-May 27, 1906&gt;</subfield></datafield><datafield ind1=" " ind2=" " tag="260"><subfield code="a">Chicago, Ill. :</subfield><subfield code="b">[W.R. Hearst],</subfield><subfield code="c">1903-1912.</subfield></datafield><datafield ind1=" " ind2=" " tag="300"><subfield code="a">v.</subfield></datafield><datafield ind1=" " ind2=" " tag="310"><subfield code="a">Daily</subfield></datafield><datafield ind1="0" ind2=" " tag="362"><subfield code="a">Vol. 3, no. 312 (May 11, 1903)-v. 13, no. 56 (Sept. 6, 1912).</subfield></datafield><datafield ind1=" " ind2=" " tag="500"><subfield code="a">Title varies slightly.</subfield></datafield><datafield ind1=" " ind2=" " tag="500"><subfield code="a">"Evening" appears within masthead ornament.</subfield></datafield><datafield ind1=" " ind2=" " tag="515"><subfield code="a">Continues the volume numbering of Hearst's Chicago evening American.</subfield></datafield><datafield ind1=" " ind2=" " tag="515"><subfield code="a">Sunday issues have their own numbering.</subfield></datafield><datafield ind1=" " ind2=" " tag="580"><subfield code="a">Morning ed.: Chicago examiner, &lt;1904&gt;-1912.</subfield></datafield><datafield ind1=" " ind2="0" tag="651"><subfield code="a">Chicago (Ill.)</subfield><subfield code="v">Newspapers.</subfield></datafield><datafield ind1=" " ind2="7" tag="655"><subfield code="a">Newspapers.</subfield><subfield code="2">fast</subfield><subfield code="0">(OCoLC)fst01423814</subfield></datafield><datafield ind1=" " ind2="7" tag="651"><subfield code="a">Illinois</subfield><subfield code="z">Chicago.</subfield><subfield code="2">fast</subfield><subfield code="0">(OCoLC)fst01204048</subfield></datafield><datafield ind1=" " ind2=" " tag="752"><subfield code="a">United States</subfield><subfield code="b">Illinois</subfield><subfield code="c">Cook</subfield><subfield code="d">Chicago.</subfield></datafield><datafield ind1="1" ind2=" " tag="775"><subfield code="t">Chicago examiner</subfield><subfield code="w">(DLC)sn 85038326</subfield></datafield><datafield ind1="0" ind2="0" tag="780"><subfield code="t">Hearst's Chicago evening American</subfield><subfield code="w">(DLC)sn 86086382</subfield><subfield code="w">(OCoLC)13337171</subfield></datafield><datafield ind1="0" ind2="0" tag="785"><subfield code="t">Chicago American (Chicago, Ill. : 1912)</subfield><subfield code="w">(DLC)sn 85038330</subfield><subfield code="w">(OCoLC)12352828</subfield></datafield></record>